@book{borre2007software,
  title={Estos son todos los sensores que tiene tu movil y te contamos para que´ sirve cada uno},
  author={[J. PASCUAL},
  year={2018},
  publisher={https://computerhoy.com/listas/tecnologia/estos-son-todos-sensores-que-tiene-tu-movil-te-contamos-que-sirve-cada-311415?page=1}
}

@book{proakis1996digital,
  title={14	sensores	que	encontrara´s	en	tu	mo´vil:	como	funcionan	},
  author={[2]	XATAKA.COM},
  year={2019}
  publisher={https://www.xataka.com/basics/sensores-que-encontraras-tu-movil-como-funcionan-sirven}
}

@book{diniz2010digital,
  title={Practical Fingerprinting Localization for Indoor Positioning System by Using Beacons},
  author={[3]	S. SUBEDI AND J. PYUN},
  year={2017},
  publisher={https://www.hindawi.com/journals/js/2017/9742170/}
}

@book{hippenstiel2010detection,
  title={Detection theory: applications and digital signal processing},
  author={Hippenstiel, Ralph D},
  year={2010},
  publisher={CRC Press}
}

@book{manolakis2005statistical,
  title={Desarrollo     de     aplicaciones     mo´viles:     ¿nativas,     multiplataforma,     HTML5     o     h´ıbridas?},
  author={[4]	R.     ZAMBRANO},
  year={2014},
  publisher={https://es.slideshare.net/123jou/actividad2-diagrama-de- casos-de-uso-del-negocio-y-del-sistema}
}

@book{oppenheim2000tratamiento,
  title={Herramientas Para Modelado},
  author={UNAD, (S.F)},
  publisher={http://stadium.unad.edu.co/ovas/10596-9839/herramientas-para-modelado.html}
}

@book{oppenheim2000tratamiento,
  title={Evaluacio´n de caracter´ısticas te´cnicas para la implementacio´n de un sistema automa´tico de trazabilidad de bienes acade´micos multimedia, basado en esta´ndares inala´mbricos},
  author={RAU´ L MART´INEZ RIVAS},
  publisher={http://stadium.unad.edu.co/ovas/10596-9839/herramientas-para-modelado.html}
}
